@article{lund2023chatting,
  title={Chatting about ChatGPT: how may AI and GPT impact academia and libraries?},
  author={Lund, Brady D and Wang, Ting},
  journal={Library Hi Tech News},
  volume={40},
  number={3},
  pages={26--29},
  year={2023},
  publisher={Emerald Publishing Limited}
}