@book{Goodfellow-et-al-2016,
    title={Deep Learning},
    author={Ian Goodfellow and Yoshua Bengio and Aaron Courville},
    publisher={MIT Press},
    note={\url{http://www.deeplearningbook.org}},
    year={2016}
}

@article{mcculloch1943logical,
  title={A logical calculus of the ideas immanent in nervous activity},
  author={McCulloch, Warren S and Pitts, Walter},
  journal={The bulletin of mathematical biophysics},
  volume={5},
  number={4},
  pages={115--133},
  year={1943},
  publisher={Springer}
}

@inproceedings{mcculloch_pitts_logical_operations,
  title={Attractor Neural Networks 1 the Formal Mcculloch Pitts Neuron 2 Instantiation of the Fundamental Boolean Operations Using Mcculloch-pitts Neurons},
  author={McCulloch, Warren S and Pitts, Walter},
  year={1943}
}

@book{bishop1995neural,
  title={Neural Networks for Pattern Recognition},
  author={Bishop, Christopher M},
  year={1995},
  publisher={Oxford University Press}
}

@article{neural_networks_computational_power,
  title={A mathematical theory of semantic development in deep neural networks},
  author={Saxe, Andrew M and McClelland, James L and Ganguli, Surya},
  journal={Proceedings of the National Academy of Sciences},
  year={2019}
}

@article{goodfellow2016deep,
  title={Deep learning},
  author={Goodfellow, Ian and Bengio, Yoshua and Courville, Aaron},
  journal={MIT press},
  year={2016}
}

@article{forward_propagation_mechanics,
  title={Computing Gradients with Backpropagation},
  author={Adams, Ryan P},
  journal={COS 324 â€“ Elements of Machine Learning, Princeton University},
  year={2018}
}

@article{nonlinearity_necessity,
  title={The Expressive Power of Neural Networks: A View from the Width},
  author={Lu, Zhou and Pu, Hongming and Wang, Feicheng and Hu, Zhiqiang and Wang, Liwei},
  journal={Advances in Neural Information Processing Systems},
  year={2017}
}

@article{cybenko1989approximation,
  title={Approximation by superpositions of a sigmoidal function},
  author={Cybenko, George},
  journal={Mathematics of control, signals and systems},
  volume={2},
  number={4},
  pages={303--314},
  year={1989},
  publisher={Springer}
}

@article{universal_approximation_theory,
  title={A closer look at the approximation capabilities of neural networks},
  author={Pinkus, Allan},
  journal={arXiv preprint arXiv:2002.06505},
  year={2020}
}

@article{cybenko1989universal,
  title={Approximation by superpositions of a sigmoidal function},
  author={Cybenko, George},
  journal={Mathematics of Control, Signals and Systems},
  volume={2},
  number={4},
  pages={303--314},
  year={1989}
}

@article{hornik1991approximation,
  title={Approximation capabilities of multilayer feedforward networks},
  author={Hornik, Kurt},
  journal={Neural networks},
  volume={4},
  number={2},
  pages={251--257},
  year={1991},
  publisher={Elsevier}
}

@article{universal_approximation_bounds,
  title={Universal Approximation with Deep Narrow Networks},
  author={Kidger, Patrick and Lyons, Terry},
  journal={Conference on Learning Theory},
  year={2020}
}

@article{kidger2020universal,
  title={Universal Approximation with Deep Narrow Networks},
  author={Kidger, Patrick and Lyons, Terry},
  journal={Proceedings of Thirty Third Conference on Learning Theory},
  pages={2306--2327},
  year={2020}
}

@article{architecture_independence,
  title={The Expressive Power of Neural Networks: A View from the Width},
  author={Lu, Zhou and Pu, Hongming and Wang, Feicheng and Hu, Zhiqiang and Wang, Liwei},
  journal={Advances in Neural Information Processing Systems},
  year={2017}
}

@book{bishop_pattern_recognition,
  title={Neural Networks for Pattern Recognition},
  author={Bishop, Christopher M},
  year={1995},
  publisher={Oxford University Press}
}

@article{activation_functions_properties,
  title={Activation Functions in Neural Networks},
  author={Ramachandran, Prajit and Zoph, Barret and Le, Quoc V},
  journal={arXiv preprint arXiv:1710.05941},
  year={2017}
}

@article{ramachandran2017swish,
  title={Searching for activation functions},
  author={Ramachandran, Prajit and Zoph, Barret and Le, Quoc V},
  journal={arXiv preprint arXiv:1710.05941},
  year={2017}
}

@article{swish_performance,
  title={E-swish: Adjusting Activations to Different Network Depths},
  author={Alcaide, Eric},
  journal={arXiv preprint arXiv:1801.07145},
  year={2018}
}

@article{hendrycks2016gelu,
  title={Gaussian error linear units (gelus)},
  author={Hendrycks, Dan and Gimpel, Kevin},
  journal={arXiv preprint arXiv:1606.08415},
  year={2016}
}

@book{goodfellow_applications,
  title={Deep Learning},
  author={Goodfellow, Ian and Bengio, Yoshua and Courville, Aaron},
  publisher={MIT Press},
  year={2016}
}

@article{translation_equivariance,
  title={Convolutional Neural Networks Are Not Invariant to Translation, but They Can Learn to Be},
  author={Biscione, Valerio and Bowers, Jeffrey S},
  journal={Journal of Machine Learning Research},
  volume={22},
  year={2021}
}

@article{pinn_scientific_computing,
  title={Physics-Informed Neural Networks: A Deep Learning Framework for Solving Forward and Inverse Problems Involving Nonlinear Partial Differential Equations},
  author={Raissi, Maziar and Perdikaris, Paris and Karniadakis, George E},
  journal={Journal of Computational Physics},
  volume={378},
  pages={686--707},
  year={2019}
}

@article{neural_networks_protein_folding,
  title={Neural network conditioned to produce thermophilic protein variants},
  author={Kovalenko, Alex and others},
  journal={Nature Scientific Reports},
  year={2025}
}

@article{griewank2008evaluating,
  title={Evaluating derivatives: principles and techniques of algorithmic differentiation},
  author={Griewank, Andreas and Walther, Andrea},
  year={2008},
  publisher={SIAM}
}

@article{automatic_differentiation_theory,
  title={Automatic differentiable numerical renormalization group},
  author={Liao, Hsi-Sheng and others},
  journal={Physical Review Research},
  volume={4},
  year={2022}
}

@article{computational_graphs,
  title={Betty: An Automatic Differentiation Library for Multilevel Optimization},
  author={Choe, Sang Keun and others},
  journal={arXiv preprint arXiv:2207.02849},
  year={2022}
}

@article{forward_reverse_mode,
  title={A tutorial on automatic differentiation with complex numbers},
  author={Rackauckas, Christopher and others},
  journal={arXiv preprint arXiv:2409.06752},
  year={2024}
}

@article{chain_rule_backprop,
  title={Backpropagation and Automatic Differentiation},
  author={Kumar, Akash},
  journal={Akash Kumar Blog},
  year={2020}
}

@article{graph_topology,
  title={Synthesizing Precise Static Analyzers for Automatic Differentiation},
  author={Krawiec, Jacob and others},
  journal={ACM Transactions on Programming Languages and Systems},
  year={2023}
}

@article{backpropagation_algorithm,
  title={Computing Gradients with Backpropagation},
  author={Adams, Ryan P},
  journal={Princeton University COS 324},
  year={2018}
}

@article{optimization_landscapes,
  title={The Loss Surfaces of Multilayer Networks},
  author={Choromanska, Anna and others},
  journal={Artificial Intelligence and Statistics},
  year={2015}
}

@article{saddle_points_optimization,
  title={Efficient Saddle Point Escape in High Dimensions via Adaptive Perturbation and Subspace Descent},
  author={Katende, Ronald and others},
  journal={arXiv preprint arXiv:2409.12604},
  year={2024}
}

@article{kingma2014adam,
  title={Adam: A method for stochastic optimization},
  author={Kingma, Diederik P and Ba, Jimmy},
  journal={arXiv preprint arXiv:1412.6980},
  year={2014}
}

@article{computational_efficiency_autodiff,
  title={Quantum Optimal Control via Semi-Automatic Differentiation},
  author={Goerz, Michael H and others},
  journal={Quantum},
  volume={6},
  year={2022}
}
